<record><leader>00000cas a22000007a 4500</leader><controlfield tag="001">18474561</controlfield><controlfield tag="008">880912d1879189umduwr ne      0    0eng d</controlfield><datafield ind1=" " ind2=" " tag="010"><subfield code="a">sn 88065704 </subfield></datafield><datafield ind1=" " ind2=" " tag="040"><subfield code="a">MFN</subfield><subfield code="b">eng</subfield><subfield code="c">MFN</subfield><subfield code="d">OCLCQ</subfield></datafield><datafield ind1=" " ind2=" " tag="042"><subfield code="a">msc</subfield></datafield><datafield ind1="0" ind2=" " tag="130"><subfield code="a">Cumberland Alleganian (Cumberland, Md. : 1879)</subfield></datafield><datafield ind1="1" ind2="0" tag="245"><subfield code="a">Cumberland Alleganian.</subfield></datafield><datafield ind1=" " ind2=" " tag="260"><subfield code="a">Cumberland, Md. :</subfield><subfield code="b">Jno. W. Avirett</subfield></datafield><datafield ind1=" " ind2=" " tag="300"><subfield code="a">v.</subfield></datafield><datafield ind1=" " ind2=" " tag="310"><subfield code="a">Weekly</subfield></datafield><datafield ind1="1" ind2=" " tag="362"><subfield code="a">Began in 1879?</subfield></datafield><datafield ind1=" " ind2=" " tag="580"><subfield code="a">Daily eds.: Cumberland times (Cumberland, Md.), 1879-1881; Daily times (Cumberland, Md. : 1881), 1881-1884; Cumberland daily times (Cumberland, Md. : 1884), 1884-1891; Evening times (Cumberland, Md.), 1892-&lt;1894&gt;.</subfield></datafield><datafield ind1=" " ind2=" " tag="588"><subfield code="a">Description based on: Vol. 75, no. 26 (June 7, 1894).</subfield></datafield><datafield ind1=" " ind2=" " tag="752"><subfield code="a">United States</subfield><subfield code="b">Maryland</subfield><subfield code="c">Allegany</subfield><subfield code="d">Cumberland.</subfield></datafield><datafield ind1="1" ind2=" " tag="775"><subfield code="t">Cumberland times (Cumberland, Md.)</subfield><subfield code="w">(DLC)sn 88065710</subfield></datafield><datafield ind1="1" ind2=" " tag="775"><subfield code="t">Daily times (Cumberland, Md. : 1881)</subfield><subfield code="w">(DLC)sn 88065712</subfield></datafield><datafield ind1="1" ind2=" " tag="775"><subfield code="t">Cumberland daily times (Cumberland, Md. : 1884)</subfield><subfield code="w">(DLC)sn 84024594</subfield></datafield><datafield ind1="1" ind2=" " tag="775"><subfield code="t">Evening times (Cumberland, Md.)</subfield><subfield code="w">(DLC)sn 88065713</subfield></datafield><datafield ind1="0" ind2="0" tag="780"><subfield code="t">Alleganian and times (Cumberland, Md. : Weekly)</subfield><subfield code="w">(DLC)sn 85025240</subfield></datafield><datafield ind1="0" ind2="0" tag="785"><subfield code="t">Twice-a-week Cumberland Alleganian</subfield><subfield code="w">(DLC)sn 90057213</subfield></datafield></record>